@techreport{
	Intel:Optimization,
	author = "Intel Corporation",
	institution = "Intel Corporation",
	title = "{Intel 64 and IA-32 Architectures Optimization Reference Manual}",
	year = "2013"
}
@techreport{
	Intel:DevOptimization,
	author = "Intel Corporation",
	institution = "Intel Corporation",
	title = "{Intel 64 and IA-32 Architectures Software Developer’s Manual}",
	month = "February",
	year = "2014"
}
@mastersthesis{
	Msc:AMP,
	author = "André Pereira",
	title = "{Efficient Processing of ATLAS Events Analysis in Homogeneous and Heterogeneous Platforms}",
	school = "University of Minho",
	month = "September",
	year = "2013"
}
@book{
	KBest,
	author = {Bryant, Randal E. and O'Hallaron, David R.},
	title = "{Computer Systems: A Programmer's Perspective}",
	year = {2003},
	edition = {1st},
	publisher = {Prentice Hall}
}
@online{
	ROOT,
	author = "{F. Rademakers and P. Canal and B. Bellenot and O. Couet and A. Naumann and G. Ganis and L. Moneta and V. Vasilev and A. Gheata and P. Russo and R. Brun}",
	title =  "R{OOT}",
	year =   "2012",
	month =  "November",
	url =    "http://root.cern.ch/drupal/"
}
@online {
	Callgrind,
	author =       "Valgrind Developers",
	title =        "{Callgrind: a call-graph generating cache and branch prediction profiler}",
	year = "2013",
	month = "January",
	url = "http://valgrind.org/docs/manual/cl-manual.html"
}
@online {
	MKL,
	author =       "Intel Corporation",
	title =        "{Intel Math Kernel Library}",
	year = "2013",
	month = "January",
	url = "http://software.intel.com/en-us/intel-mkl/"
}
@article{
	BLAS,
	title="{An Updated Set of Basic Linear Algebra Subprograms (BLAS)}",
	author={L. S. Blackford and J. Demmel and J. Dongarra and I. Duff and S. Hammarling and G. Henry and M. Heroux and L. Kaufman and A. Lumsdaine and A. Petitet and R. Pozo and K. Remington and R. C. Whaley},
	journal={ACM Trans. Math. Soft., 28-2},
	year={2002}
}
@article{
	PAPI,
	title="{PAPI: A Portable Interface to Hardware Performance Counters}",
	author={S. Browne and C. Deane and G. Ho and P. Muccima},
	journal={Proceedings of Department of Defense HPCMP Users Group Conference},
	month={June},
	year={1999}
}
@article{
	LIP:Ibergrid,
	title="{Even Bigger Data: Preparing for the LHC/ATLAS Upgrade}",
	author={Oliveira, V. and Pina, A. and Castro, N. and Veloso, F. and Onofre, A.},
	journal={6th Iberian Grid Infrastructure Conference},
	year={2012}
}
@article{
	MersenneTwister,
	title="{Mersenne Twister: A 623-dimensionally equidistributed uniform pseudorandom number generator}",
	author={Makoto Matsumoto and Mutsuo Saito},
	journal={ACM Transactions on Modeling and Computer Simulations: Special Issue on Uniform Random Number Generation},
	year={1998}
}
@online{
	LIP,
	author = "Laboratório de {E}xperimentação e {F}ísica {E}xperimental de {P}artículas",
	title =  "Laboratório de {E}xperimentação e {F}ísica {E}xperimental de {P}artículas",
	year =   "2012",
	month =  "November",
	url =    "http://www.lip.pt/"
}
@techreport{
	Intel:VTune,
	title="{Profiling Runtime Generated and Interpreted Code with Intel VTune Amplifier}",
	author={Intel},
	organization={Intel Corporation},
	month={January},
	year={2013}
}
@techreport{
	Intel:e5v2,
	title="{Intel Xeon Processor E5 v2 Family: Datasheet}",
	author={Intel},
	organization={Intel Corporation},
	month={September},
	year={2013}
}
@techreport{
	OpenMP,
	title="{OpenMP Application Program Interface}",
	author={OpenMP Architecture Review Board},
	organization={OpenMP Architecture Review Board},
	month={July},
	year={2013}
}
@article{
	Affinity,
	author = {Dow, Eli},
	journal = {IBM developerWorks},
	month = {September},
	publisher = {IBM Corp.},
	title = "{Take charge of processor affinity}",
	year = {2005}
}
@techreport{
	NUMA,
	title="{Optimizing Applications for NUMA}",
	author={David Ott},
	organization={Intel Corporation},
	month={February},
	year={2011}
}
@article{
	GPROF,
	author = {Graham, Susan L. and Kessler, Peter B. and Mckusick, Marshall K.},
	title = "{Gprof: A Call Graph Execution Profiler}",
	journal = {SIGPLAN Not.},
	issue_date = {June 1982},
	volume = {17},
	number = {6},
	month = jun,
	year = {1982},
	issn = {0362-1340},
	pages = {120--126},
	numpages = {7},
	publisher = {ACM}
}
@article{
Higgs,
      author         = "Aad, Georges and others",
      title          = "{Observation of a new particle in the search for the
                        Standard Model Higgs boson with the ATLAS detector at the
                        LHC}",
      collaboration  = "ATLAS Collaboration",
      journal        = "Phys.Lett.",
      volume         = "B716",
      pages          = "1-29",
      year           = "2012",
      reportNumber   = "CERN-PH-EP-2012-218"
}
